%% This BibTeX bibliography file was created using BibDesk.
%% https://bibdesk.sourceforge.io/

%% Created for Vyas Ramasubramani at 2020-06-20 17:03:20 -0400 


%% Saved with string encoding Unicode (UTF-8) 



@conference{ramasubramaniaiche2019a,
	Address = {Orlando, Florida},
	Author = {Vyas Ramasubramani and Bradley D. Dice and Eric S. Harper and Matthew P. Spellings and Joshua A. Anderson and Sharon C. Glotzer},
	Date-Added = {2020-05-13 11:10:35 -0400},
	Date-Modified = {2020-06-20 17:02:17 -0400},
	Month = {November},
	Organization = {American Institute of Chemical Engineers},
	Title = {Freud: Powerful particle simulation analysis in Python},
	Year = {2019}}

@conference{siamcse2019a,
	Author = {Vyas Ramasubramani and Carl S. Adorf and Joshua A. Anderson and Sharon C. Glotzer},
	Date-Added = {2020-05-13 11:08:49 -0400},
	Date-Modified = {2020-05-13 11:08:49 -0400},
	Month = {February},
	Organization = {Society of Industrial and Applied Mathematics},
	Series = {Computational Science and Engineering},
	Title = {How to Professionally Develop Reusable Scientific Software --- And When Not To},
	Year = {2019}}

@conference{siamcse2019b,
	Author = {Bradley D. Dice and Carl S. Adorf and Vyas Ramasubramani and Sharon C. Glotzer},
	Date-Added = {2020-05-13 11:07:51 -0400},
	Date-Modified = {2020-05-13 11:07:51 -0400},
	Month = {February},
	Organization = {Society of Industrial and Applied Mathematics},
	Series = {Computational Science and Engineering},
	Title = {Reproducible Computational Scientific Workflows with signac},
	Year = {2019}}

@conference{dice2019b,
	Address = {Boston, Massachusetts},
	Author = {Bradley D. Dice and Vyas Ramasubramani and Eric S. Harper and Matthew P. Spellings and Joshua A. Anderson and Sharon C. Glotzer},
	Date-Added = {2020-05-13 11:06:29 -0400},
	Date-Modified = {2020-06-20 17:02:31 -0400},
	Month = {December},
	Organization = {Materials Research Society},
	Title = {Freud: Powerful particle simulation analysis tools for machine learning and materials design},
	Year = {2019}}

@conference{ramasubramaniaiche2019b,
	Address = {Orlando, Florida},
	Author = {Vyas Ramasubramani and Bradley D. Dice and Eric S. Harper and Matthew P. Spellings and Joshua A. Anderson and Sharon C. Glotzer},
	Date-Added = {2020-05-13 11:03:32 -0400},
	Date-Modified = {2020-06-20 17:02:51 -0400},
	Month = {November},
	Organization = {American Institute of Chemical Engineers},
	Title = {Applications of freud for nanoscale simulation analysis},
	Year = {2019}}

@conference{scipy2019,
	Address = {Austin, Texas},
	Author = {Vyas Ramasubramani and Bradley D. Dice and Eric S. Harper and Matthew P. Spellings and Joshua A. Anderson and Sharon C. Glotzer},
	Date-Added = {2019-09-29 19:22:43 -0400},
	Date-Modified = {2020-06-20 17:02:08 -0400},
	Month = {July},
	Organization = {Scientific Computing with Python},
	Title = {freud: A Software Suite for High-Throughput Analysis of Nanoscale Simulation Data},
	Year = {2019}}

@conference{Adorf:2019aa,
	Author = {Carl S. Adorf and Vyas Ramasubramani and Bradley D. Dice and Sharon C. Glotzer},
	Date-Added = {2019-03-11 13:24:25 -0500},
	Date-Modified = {2019-03-11 13:27:40 -0500},
	Month = {March},
	Organization = {American Physical Society},
	Title = {High-throughput analysis of large heterogeneous and dynamic data spaces with signac},
	Year = {2019}}

@conference{dice2019,
	Address = {Orlando, Florida},
	Author = {Bradley D. Dice and Carl S. Adorf and Vyas Ramasubramani and Sharon C. Glotzer},
	Date-Added = {2019-03-05 16:33:54 -0500},
	Date-Modified = {2020-05-13 11:08:35 -0400},
	Month = {November},
	Organization = {American Institute of Chemical Engineers},
	Title = {Recent Developments in the Signac Data Management Framework},
	Year = {2019}}

@conference{adorf2019,
	Address = {Orlando, Florida},
	Author = {Carl S. Adorf and Vyas Ramasubramani and Joshua A. Anderson and Sharon C. Glotzer},
	Date-Added = {2019-03-05 16:30:58 -0500},
	Date-Modified = {2020-05-13 11:09:37 -0400},
	Month = {November},
	Organization = {American Institute of Chemical Engineers},
	Title = {How to Professionally Develop Reusable Scientific Software --- And When Not To},
	Year = {2019}}

@conference{glaseraiche2018,
	Address = {Pittsburgh, Pennyslvania},
	Author = {Jens Glaser and Vyas Ramasubramani and Anna J. Simon and David W. Taylor and Andrew D. Ellington and Sharon C. Glotzer},
	Date-Added = {2018-07-23 12:41:34 +0000},
	Date-Modified = {2019-03-11 13:34:20 -0500},
	Month = {October},
	Organization = {American Institute of Chemical Engineers},
	Title = {Modeling the self-assembly of super-charged green fluorescent proteins},
	Year = {2018}}

@conference{adorfaiche2018,
	Address = {Pittsburgh, Pennyslvania},
	Author = {Carl S. Adorf and Paul M. Dodd and Vyas Ramasubramani and Bradley D. Dice and Sharon C. Glotzer},
	Date-Added = {2018-07-23 12:38:57 +0000},
	Date-Modified = {2019-03-11 13:34:04 -0500},
	Month = {October},
	Organization = {American Institute of Chemical Engineers},
	Title = {Reproducible Computational Workflows with signac},
	Year = {2018}}

@conference{scipy2018,
	Address = {Austin, Texas},
	Author = {Vyas Ramasubramani and Carl S. Adorf and Paul M. Dodd and Bradley D. Dice and Sharon C. Glotzer},
	Date-Added = {2018-04-21 01:25:28 +0000},
	Date-Modified = {2019-03-11 13:31:42 -0500},
	Month = {July},
	Organization = {Scientific Computing with Python},
	Title = {signac: A Python framework for data and workflow management},
	Year = {2018}}

@conference{midas2017,
	Author = {Vyas Ramasubramani and Carl S. Adorf and Paul M. Dodd and Sharon C. Glotzer},
	Date-Added = {2018-04-21 01:23:52 +0000},
	Date-Modified = {2018-04-21 01:23:52 +0000},
	Month = {December},
	Organization = {Michigan Institute for Data Science Data Forum},
	Title = {Simple data and workflow management with signac},
	Year = {2017}}

@conference{micde2018,
	Address = {Ann Arbor, Michigan},
	Author = {Bradley D. Dice and Carl S. Adorf and Vyas Ramasubramani and Paul M. Dodd and Sharon C. Glotzer},
	Date-Added = {2018-04-21 01:22:38 +0000},
	Date-Modified = {2019-03-11 13:32:20 -0500},
	Month = {March},
	Organization = {Michigan Institute for Computational Discovery \& Engineering Symposium},
	Title = {HPC Data Management and Visualization Workflows with the signac Framework},
	Year = {2018}}

@conference{micde2017,
	Address = {915 E Washington St, Ann Arbor, MI 48109},
	Author = {Vyas Ramasubramani and Andrew Karas and Jens Glaser and Sharon Glotzer},
	Date-Added = {2017-05-14 21:17:51 +0000},
	Date-Modified = {2017-05-14 21:17:51 +0000},
	Month = {April},
	Organization = {Michigan Institute for Computational Discovery \& Engineering Symposium},
	Title = {The Effects of Depletion on the Stability and Assembly of Colloidal Crystals},
	Year = {2017}}

@conference{che2017,
	Address = {1000 Beal Ave, Ann Arbor, MI 48109},
	Author = {Vyas Ramasubramani and Andrew Karas and Jens Glaser and Sharon Glotzer},
	Date-Added = {2017-04-30 21:34:24 +0000},
	Date-Modified = {2017-05-14 21:18:54 +0000},
	Month = {May},
	Organization = {Chemical Engineering Graduate Symposium},
	Title = {The Effects of Depletion on the Stability and Assembly of Colloidal Crystals},
	Year = {2017}}

@conference{thesis2013,
	Address = {Princeton University, Princeton, NJ, USA},
	Author = {Vyas Ramasubramani},
	Date-Added = {2013-11-29 18:58:13 +0000},
	Date-Modified = {2017-04-30 21:39:20 +0000},
	Month = {May 7},
	Organization = {Department of Chemical and Biological Engineering: Senior Thesis Symposium},
	Title = {{{Flocculation Depletion in a Dual Drug Delivery System for Lung Cancer}}},
	Year = {2013}}

@conference{qcb2012,
	Address = {Princeton University, Princeton, NJ, USA},
	Author = {Vyas Ramasubramani and Lance Lively},
	Date-Added = {2013-11-29 18:55:48 +0000},
	Date-Modified = {2017-04-30 21:39:24 +0000},
	Month = {March 31},
	Organization = {Lewis-Sigler Institute for Integrative Genomics: Annual Retreat of the Center for Quantitative Biology},
	Title = {{{Examining the Relative Efficacies of the 4ZEV, ZEV, GEV Artificial Transcription Factors}}},
	Year = {2012}}

@conference{czr2012,
	Address = {Nove Hrady, CR},
	Author = {Vyas Ramasubramani},
	Date-Added = {2013-11-29 18:37:54 +0000},
	Date-Modified = {2017-04-30 21:39:28 +0000},
	Month = {June 30},
	Note = {Won "Best Presentation Award"},
	Organization = {University of South Bohemia: Undergraduate Summer Research In Molecular Biophysics 2012},
	Title = {{{Computational Modeling of the Restriction-Modification System EcoR124}}},
	Year = {2012}}

@conference{molbio2012,
	Address = {Princeton University, Princeton, NJ, USA},
	Author = {Tatsiana Baikova and Vyas Ramasubramani and Alena Guzanova and Abdul Samad and Morteza Khabiri and Dhiraj Sinha and Ladislav Csefalvay and Pavel Janscak and Ivana Kut{\'a} Smatanova and Santosh Panjikar and Marie Weiserova and Eva Csefalvay and Jannette Carey and R{\"u}diger Ettrich},
	Date-Added = {2013-11-29 05:52:55 +0000},
	Date-Modified = {2017-04-30 21:39:14 +0000},
	Month = {October 5-6},
	Organization = {28th Molecular Biology Departmental Retreat},
	Title = {{{Functional Coupling of Duplex Translocation to DNA Cleavage in a Type I Restriction Enzyme}}},
	Year = {2012}}

@conference{gibbs2012,
	Address = {Carbondale, IL, USA},
	Author = {Tatsiana Baikova and Vyas Ramasubramani and Alena Guzanova and Abdul Samad and Morteza Khabiri and Dhiraj Sinha and Ladislav Csefalvay and Pavel Janscak and Ivana Kut{\'a} Smatanova and Santosh Panjikar and Marie Weiserova and Eva Csefalvay and Jannette Carey and R{\"u}diger Ettrich},
	Date-Added = {2013-11-29 05:48:02 +0000},
	Date-Modified = {2017-04-30 21:38:01 +0000},
	Month = {September 22-25},
	Organization = {26th Annual GIBBS conference on Biothermodynamics},
	Title = {{{Functional Coupling of Duplex Translocation to DNA Cleavage in a Type I Restriction Enzyme}}},
	Year = {2012}}
